\begin{thebibliography}


@article{chialvo,
	author = {Dante R. Chialvo},
	title = {Critical brain networks},
	journal = {Phys. A},
	year = {2004},
	pages = {756--765},
	volume = {{\bf 340}},
}

@article{plenz,
	author = "John M. Beggs and Dietmar Plenz",
	title = "Neuronal avalanches in Neocortical CIrcuits",
	journal = "J. Neurosci",
	year = "2003",
	pages = "11167--11177",
	volume = "{\bf 23(35)}",
}


@book{Coolenbook,
	author = {A. C. C. Coolen and R K{\"u}hn and P. Sollich.},
	title = "Theory of neural information Processing Systems",
	year = "2005",
	publisher = "Oxford University Press",
	address = "Oxford"
}



\end{thebibliography}

